<record><leader>00000cas a2200000 a 4500</leader><controlfield tag="001">11154785</controlfield><controlfield tag="008">840914d18831883ksuwr ne      0   a0eng d</controlfield><controlfield tag="009">3789</controlfield><datafield ind1=" " ind2=" " tag="010"><subfield code="a">sn 84029727 </subfield></datafield><datafield ind1=" " ind2=" " tag="040"><subfield code="a">KSH</subfield><subfield code="b">eng</subfield><subfield code="c">KSH</subfield><subfield code="d">NPT</subfield><subfield code="d">OCL</subfield></datafield><datafield ind1=" " ind2=" " tag="042"><subfield code="a">msc</subfield></datafield><datafield ind1="0" ind2="0" tag="245"><subfield code="a">Ellsworth County news.</subfield></datafield><datafield ind1=" " ind2=" " tag="260"><subfield code="a">Ellsworth, Kan. :</subfield><subfield code="b">Z. Jackson,</subfield><subfield code="c">1883.</subfield></datafield><datafield ind1=" " ind2=" " tag="300"><subfield code="a">1 v. ;</subfield><subfield code="c">59 cm.</subfield></datafield><datafield ind1=" " ind2=" " tag="310"><subfield code="a">Weekly</subfield></datafield><datafield ind1="0" ind2=" " tag="362"><subfield code="a">Vol. 2, no. 45 (Mar. 14, 1883)-v. 2, no. 52 (May 2, 1883).</subfield></datafield><datafield ind1=" " ind2=" " tag="752"><subfield code="a">United States</subfield><subfield code="b">Kansas</subfield><subfield code="c">Ellsworth</subfield><subfield code="d">Ellsworth.</subfield></datafield><datafield ind1="0" ind2="0" tag="780"><subfield code="t">Rural west</subfield><subfield code="w">(DLC)sn 84029746</subfield></datafield><datafield ind1="0" ind2="0" tag="785"><subfield code="t">Ellsworth news (Ellsworth, Kan.)</subfield><subfield code="w">(DLC)sn 84029728</subfield></datafield></record>